@online{nytimes,
    author = "Jason Schreier",
    title = "Gaming Sales Are Up, but Production Is Down",
    url = "https://www.nytimes.com/2020/04/21/technology/personaltech/coronavirus-video-game-production.html",
    addendum = "(accessed: 10.11.2020)"
}
    
@online{npd,
    author = "The NPD Group",
    title = "The NPD Group: U.S. Consumer Spend on Video Game Products Continues to Break Records",
    url = "https://www.npd.com/wps/portal/npd/us/news/press-releases/2020/the-npd-group-us-consumer-spend-on-video-game-products-continues-to-break-records/",
    addendum = "(accessed: 10.11.2020)"
}

@online{instructables-circuits,
    author = "Aric Caley",
    title = "How to Defuse a Time Bomb Game",
    url = "https://www.instructables.com/How-to-Defuse-a-Time-Bomb-Game/",
    addendum = "(accessed: 10.12.2020)"
}

@online{fruit-drums,
    author = "Carter Nelson",
    title = "Circuit Playground Fruit Drums",
    url = "https://learn.adafruit.com/circuit-playground-fruit-drums/midi-drums",
    addendum = "(accessed: 11.10.2020)"
}